<collection xmlns="http://www.loc.gov/MARC21/slim"><record><leader>00802nam  2200229   450</leader><controlfield tag="001">409</controlfield><controlfield tag="003">http://montalegre.opacnet.com/OPAC/default.aspx?ContentAreaControl=ShowRegHoldings.ascx&amp;RegNo=16662</controlfield><datafield tag="021" ind1=" " ind2=" "><subfield code="a">PT</subfield><subfield code="b">19677</subfield></datafield><datafield tag="095" ind1=" " ind2=" "><subfield code="a">PTBN00112520</subfield></datafield><datafield tag="100" ind1=" " ind2=" "><subfield code="a">20070329d1988    m  y0pora010305  ba</subfield></datafield><datafield tag="101" ind1="1" ind2=" "><subfield code="a">por</subfield><subfield code="c">ita</subfield></datafield><datafield tag="102" ind1=" " ind2=" "><subfield code="a">PT</subfield></datafield><datafield tag="200" ind1="1" ind2=" "><subfield code="a">Pequenos equívocos sem importância</subfield><subfield code="f">António Tabucchi</subfield><subfield code="g">trad. Helena Domingos, António Mega Ferreira</subfield></datafield><datafield tag="210" ind1=" " ind2=" "><subfield code="a">Lisboa</subfield><subfield code="c">Difel</subfield><subfield code="d">imp. 1988</subfield></datafield><datafield tag="215" ind1=" " ind2=" "><subfield code="a">159 p.</subfield><subfield code="d">23 cm</subfield></datafield><datafield tag="304" ind1=" " ind2=" "><subfield code="a">Tít. orig. : Piccoli equivoci senza importanza</subfield></datafield><datafield tag="675" ind1=" " ind2=" "><subfield code="a">821</subfield><subfield code="v">BN</subfield><subfield code="z">por</subfield></datafield><datafield tag="700" ind1=" " ind2="1"><subfield code="a">Tabucchi</subfield><subfield code="b">Antonio</subfield><subfield code="f">1943-</subfield></datafield><datafield tag="702" ind1=" " ind2="1"><subfield code="a">Domingos</subfield><subfield code="b">Helena</subfield><subfield code="4">730</subfield></datafield><datafield tag="702" ind1=" " ind2="1"><subfield code="a">Ferreira</subfield><subfield code="b">António Mega</subfield><subfield code="f">1949-</subfield><subfield code="4">730</subfield></datafield><datafield tag="801" ind1=" " ind2="0"><subfield code="a">PT</subfield><subfield code="b">Biblioteca Municipal de Montalegre</subfield><subfield code="g">RPC</subfield></datafield><datafield tag="856" ind1=" " ind2=" "><subfield code="u">locateMedia.asp?cod=20070329163423&amp;ext=jpg</subfield><subfield code="z">CAPA</subfield></datafield><datafield tag="909" ind1="&#9;" ind2=" "><subfield code="a">1</subfield></datafield><datafield tag="966" ind1=" " ind2=" "><subfield code="a">0009263</subfield><subfield code="l">BMM</subfield><subfield code="s">SCG 821 TAB peq</subfield></datafield></record></collection>